
  <record>
    <leader>00453nam a2200109 i 4500</leader>
    <controlfield tag="008">170620s        xx            000 0 eng d</controlfield>
    <controlfield tag="005">20180618101101.0</controlfield>
    <controlfield tag="001">9910367272903811</controlfield>
    <datafield tag="035" ind1=" " ind2=" ">
        <subfield code="a">bw90000246-01tuli_inst</subfield>
      </datafield>
    <datafield tag="245" ind1="0" ind2="0">
        <subfield code="a">Host bibliographic record for boundwith item barcode 39074004700811</subfield>
      </datafield>
    <datafield tag="774" ind1="1" ind2=" ">
        <subfield code="t">Le misanthrope / Justus van Effen ; edited by James L. Schorr.</subfield>
        <subfield code="w">991022063789703811</subfield>
        <subfield code="9">ExL</subfield>
      </datafield>
    <datafield tag="774" ind1="1" ind2=" ">
        <subfield code="t">Studies on Voltaire and the eighteenth century.</subfield>
        <subfield code="w">991012069669703811</subfield>
        <subfield code="9">ExL</subfield>
      </datafield>
    <datafield tag="ADM" ind1=" " ind2=" ">
        <subfield code="b">2018-08-10 13:55:43</subfield>
        <subfield code="e">bw90000246-01tuli_inst</subfield>
        <subfield code="d">ILS</subfield>
        <subfield code="a">2017-06-20 13:38:22</subfield>
        <subfield code="c">false</subfield>
      </datafield>
    <datafield tag="HLD" ind1="0" ind2=" ">
        <subfield code="b">KARDON</subfield>
        <subfield code="c">p_remote</subfield>
        <subfield code="h">PQ2105.A2B4</subfield>
        <subfield code="8">22326269950003811</subfield>
        <subfield code="updated">2017-06-20 13:38:41</subfield>
        <subfield code="created">2017-06-20 13:38:22</subfield>
      </datafield>
    <datafield tag="ITM" ind1=" " ind2=" ">
        <subfield code="r">22326269950003811</subfield>
        <subfield code="b">1</subfield>
        <subfield code="h">0</subfield>
        <subfield code="g">p_remote</subfield>
        <subfield code="t">BOOK</subfield>
        <subfield code="9">39074004700811</subfield>
        <subfield code="e">p_remote</subfield>
        <subfield code="8">23326269940003811</subfield>
        <subfield code="c">v.248</subfield>
        <subfield code="a">0</subfield>
        <subfield code="q">2017-06-20 13:38:22</subfield>
        <subfield code="i">PQ2105.A2B4</subfield>
        <subfield code="d">KARDON</subfield>
        <subfield code="f">KARDON</subfield>
      </datafield>
  </record>
</collection>
